<?xml version="1.0" encoding="UTF-8"?>
<record xmlns="http://www.loc.gov/MARC21/slim" xmlns:xsi="http://www.w3.org/2001/XMLSchema-instance" xsi:schemaLocation="http://www.loc.gov/MARC21/slim http://www.loc.gov/standards/marcxml/schema/MARC21slim.xsd">
<leader>00000cam a22        4500</leader>
<controlfield tag="001">003072691</controlfield>
<controlfield tag="003">NNU</controlfield>
<controlfield tag="005">20080818144400.0</controlfield>
<controlfield tag="008">001102s1968    iq            000 0daraxd</controlfield>
<datafield tag="010" ind1=" " ind2=" ">
<subfield code="a">   72297475</subfield>
</datafield>
<datafield tag="035" ind1=" " ind2=" ">
<subfield code="a">(OCoLC)141041022</subfield>
</datafield>
<datafield tag="035" ind1=" " ind2=" ">
<subfield code="a">(CStRLIN)UKMNM0020969MU-B</subfield>
</datafield>
<datafield tag="040" ind1=" " ind2=" ">
<subfield code="a">EUM</subfield>
<subfield code="c">EUM</subfield>
</datafield>
<datafield tag="050" ind1="0" ind2=" ">
<subfield code="a">PJ7698.Z3</subfield>
<subfield code="b">A6 1968</subfield>
</datafield>
<datafield tag="100" ind1="0" ind2=" ">
<subfield code="a">Zayd al-Khayl,</subfield>
<subfield code="d">7th cent.</subfield>
<subfield code="6">880-01</subfield>
</datafield>
<datafield tag="245" ind1="0" ind2="0">
<subfield code="6">880-02</subfield>
<subfield code="a">Dīwān Zayd al-Khayl al-Ṭāʼī /</subfield>
<subfield code="c">Sanʻat Nūrī Ḥammūdī al-Qaysī.</subfield>
</datafield>
<datafield tag="260" ind1=" " ind2=" ">
<subfield code="6">880-03</subfield>
<subfield code="a">al-Najaf :</subfield>
<subfield code="b">Maṭbaʻat al-Nuʻmān,</subfield>
<subfield code="c">[1968?]</subfield>
</datafield>
<datafield tag="300" ind1=" " ind2=" ">
<subfield code="a">136 p.</subfield>
<subfield code="c">25 cm.</subfield>
</datafield>
<datafield tag="490" ind1="0" ind2=" ">
<subfield code="6">880-04</subfield>
<subfield code="a">Dawāwīn ṣaghīrah ;</subfield>
<subfield code="v">2</subfield>
</datafield>
<datafield tag="504" ind1=" " ind2=" ">
<subfield code="a">Bibliography: p. 129-136.</subfield>
</datafield>
<datafield tag="700" ind1="1" ind2=" ">
<subfield code="6">880-05</subfield>
<subfield code="a">Qaysī, Nūrī Ḥammūdī,</subfield>
<subfield code="e">ed.</subfield>
</datafield>
<datafield tag="880" ind1="0" ind2=" ">
<subfield code="6">100-01/</subfield>
<subfield code="a">زيد الخيل.</subfield>
</datafield>
<datafield tag="880" ind1="0" ind2="0">
<subfield code="6">245-02/</subfield>
<subfield code="a">ديوان زيد الخيل الطائي /</subfield>
<subfield code="c">صنعة نوري حمودي القيسي.</subfield>
</datafield>
<datafield tag="880" ind1=" " ind2=" ">
<subfield code="6">260-03/</subfield>
<subfield code="a">النجف :</subfield>
<subfield code="b">مطبعة النعمان،</subfield>
<subfield code="c">[١٩٦٨؟]</subfield>
</datafield>
<datafield tag="880" ind1="0" ind2=" ">
<subfield code="6">490-04/</subfield>
<subfield code="a">دواوين صغيرة ؛</subfield>
<subfield code="v">٢</subfield>
</datafield>
<datafield tag="880" ind1="1" ind2=" ">
<subfield code="6">700-05/</subfield>
<subfield code="a">قيسي، نوري حمودي.</subfield>
</datafield>
<datafield tag="OWN" ind1=" " ind2=" ">
<subfield code="a">GENERAL</subfield>
</datafield>
<datafield tag="AVA" ind1=" " ind2=" ">
<subfield code="a">NYU50</subfield>
<subfield code="b">BOBST</subfield>
<subfield code="c">Main Collection</subfield>
<subfield code="d">PJ7698.Z3 A7 1968 Oversize</subfield>
<subfield code="e">unavailable</subfield>
<subfield code="t">Unavailable</subfield>
<subfield code="f">1</subfield>
<subfield code="g">1</subfield>
<subfield code="h">N</subfield>
<subfield code="i">0</subfield>
<subfield code="j">MAIN</subfield>
</datafield>
</record>
